<record xmlns:xsi="http://www.w3.org/2001/XMLSchema-instance" xmlns="http://www.loc.gov/MARC21/slim" xsi:schemaLocation="http://www.loc.gov/MARC21/slim http://www.loc.gov/standards/marcxml/schema/MARC21slim.xsd">

  <leader>00553nam a2200169Ia 4500</leader>
  <controlfield tag="008">150728b2003    s  ||||| |||| 00| | spa d</controlfield>
  <datafield ind2=" " ind1=" " tag="020">
    <subfield code="a">8434422212</subfield>
  </datafield>
  <datafield tag="090" ind2=" " ind1=" ">
    <subfield code="a">18.01.01 </subfield>
    <subfield code="b">1143</subfield>
  </datafield>
  <datafield ind1="1" ind2=" " tag="100">
    <subfield code="a">SanMartín Arce, Ricardo</subfield>
    <subfield code="9">555</subfield>
  </datafield>
  <datafield tag="245" ind2="0" ind1="1">
    <subfield code="a">Observar escuchar comparar escribir: La practica de la investigación cualitativa / </subfield>
    <subfield code="c">Ricardo SanMartin</subfield>
  </datafield>
  <datafield ind2=" " ind1=" " tag="260">
    <subfield code="a">España : </subfield>
    <subfield code="b">Ariel Antropología, </subfield>
    <subfield code="c">2003</subfield>
  </datafield>
  <datafield tag="300" ind2=" " ind1=" ">
    <subfield code="a">149 páginas</subfield>
  </datafield>
  <datafield tag="650" ind1="1" ind2="4">
    <subfield code="a">ANTROPOLOGíA </subfield>
    <subfield code="9">428</subfield>
  </datafield>
  <datafield tag="650" ind1="1" ind2="4">
    <subfield code="a">MÉTODOS DE INVESTIGACIÓN </subfield>
    <subfield code="9">288</subfield>
  </datafield>
  <datafield tag="650" ind2="4" ind1="1">
    <subfield code="a">ENTREVISTAS</subfield>
    <subfield code="9">81</subfield>
  </datafield>
  <datafield tag="942" ind2=" " ind1=" ">
    <subfield code="2">z</subfield>
    <subfield code="c">01</subfield>
  </datafield>
  <datafield ind1=" " ind2=" " tag="999">
    <subfield code="c">193</subfield>
    <subfield code="d">193</subfield>
  </datafield>
</record>